[gd_scene load_steps=18 format=2]

[ext_resource path="res://assets/textures/dirt2.png" type="Texture" id=1]
[ext_resource path="res://assets/textures/stone1.png" type="Texture" id=2]
[ext_resource path="res://assets/Player.tscn" type="PackedScene" id=3]

[sub_resource type="Environment" id=1]
background_mode = 1
ambient_light_color = Color( 1, 1, 1, 1 )
ambient_light_energy = 1.75

[sub_resource type="PlaneMesh" id=2]

[sub_resource type="SpatialMaterial" id=3]
albedo_texture = ExtResource( 1 )
uv1_scale = Vector3( 25, 65, 50 )

[sub_resource type="ConcavePolygonShape" id=4]
data = PoolVector3Array( 1, 0, 1, -1, 0, 1, 1, 0, -1, -1, 0, 1, -1, 0, -1, 1, 0, -1 )

[sub_resource type="CubeMesh" id=5]

[sub_resource type="SpatialMaterial" id=6]
albedo_texture = ExtResource( 2 )
uv1_scale = Vector3( 50, 10, 50 )

[sub_resource type="ConcavePolygonShape" id=7]
data = PoolVector3Array( -1, 1, 1, 1, 1, 1, -1, -1, 1, 1, 1, 1, 1, -1, 1, -1, -1, 1, 1, 1, -1, -1, 1, -1, 1, -1, -1, -1, 1, -1, -1, -1, -1, 1, -1, -1, 1, 1, 1, 1, 1, -1, 1, -1, 1, 1, 1, -1, 1, -1, -1, 1, -1, 1, -1, 1, -1, -1, 1, 1, -1, -1, -1, -1, 1, 1, -1, -1, 1, -1, -1, -1, 1, 1, 1, -1, 1, 1, 1, 1, -1, -1, 1, 1, -1, 1, -1, 1, 1, -1, -1, -1, 1, 1, -1, 1, -1, -1, -1, 1, -1, 1, 1, -1, -1, -1, -1, -1 )

[sub_resource type="SpatialMaterial" id=8]
albedo_texture = ExtResource( 2 )
uv1_scale = Vector3( 50, 10, 50 )

[sub_resource type="ConcavePolygonShape" id=9]
data = PoolVector3Array( -1, 1, 1, 1, 1, 1, -1, -1, 1, 1, 1, 1, 1, -1, 1, -1, -1, 1, 1, 1, -1, -1, 1, -1, 1, -1, -1, -1, 1, -1, -1, -1, -1, 1, -1, -1, 1, 1, 1, 1, 1, -1, 1, -1, 1, 1, 1, -1, 1, -1, -1, 1, -1, 1, -1, 1, -1, -1, 1, 1, -1, -1, -1, -1, 1, 1, -1, -1, 1, -1, -1, -1, 1, 1, 1, -1, 1, 1, 1, 1, -1, -1, 1, 1, -1, 1, -1, 1, 1, -1, -1, -1, 1, 1, -1, 1, -1, -1, -1, 1, -1, 1, 1, -1, -1, -1, -1, -1 )

[sub_resource type="PrismMesh" id=10]

[sub_resource type="SpatialMaterial" id=11]
albedo_texture = ExtResource( 2 )

[sub_resource type="ConcavePolygonShape" id=12]
data = PoolVector3Array( 0, 1, 1, 1, -1, 1, -1, -1, 1, 0, 1, -1, -1, -1, -1, 1, -1, -1, 0, 1, 1, 0, 1, -1, 1, -1, 1, 0, 1, -1, 1, -1, -1, 1, -1, 1, 0, 1, -1, 0, 1, 1, -1, -1, -1, 0, 1, 1, -1, -1, 1, -1, -1, -1, -1, -1, 1, 1, -1, 1, -1, -1, -1, 1, -1, 1, 1, -1, -1, -1, -1, -1 )

[sub_resource type="ConcavePolygonShape" id=13]
data = PoolVector3Array( 0, 1, 1, 1, -1, 1, -1, -1, 1, 0, 1, -1, -1, -1, -1, 1, -1, -1, 0, 1, 1, 0, 1, -1, 1, -1, 1, 0, 1, -1, 1, -1, -1, 1, -1, 1, 0, 1, -1, 0, 1, 1, -1, -1, -1, 0, 1, 1, -1, -1, 1, -1, -1, -1, -1, -1, 1, 1, -1, 1, -1, -1, -1, 1, -1, 1, 1, -1, -1, -1, -1, -1 )

[sub_resource type="ConcavePolygonShape" id=14]
data = PoolVector3Array( 0, 1, 1, 1, -1, 1, -1, -1, 1, 0, 1, -1, -1, -1, -1, 1, -1, -1, 0, 1, 1, 0, 1, -1, 1, -1, 1, 0, 1, -1, 1, -1, -1, 1, -1, 1, 0, 1, -1, 0, 1, 1, -1, -1, -1, 0, 1, 1, -1, -1, 1, -1, -1, -1, -1, -1, 1, 1, -1, 1, -1, -1, -1, 1, -1, 1, 1, -1, -1, -1, -1, -1 )

[node name="Level" type="Spatial"]

[node name="WorldEnvironment" type="WorldEnvironment" parent="."]
environment = SubResource( 1 )

[node name="Player" parent="." instance=ExtResource( 3 )]
transform = Transform( 1, 0, 0, 0, 1, 0, 0, 0, 1, -5, 1, 21 )

[node name="MeshInstance1" type="MeshInstance" parent="."]
transform = Transform( 15.0486, 0, 0, 0, 1, 0, 0, 0, 37.4849, 0, 0, 0 )
mesh = SubResource( 2 )
material/0 = SubResource( 3 )

[node name="StaticBody" type="StaticBody" parent="MeshInstance1"]

[node name="CollisionShape" type="CollisionShape" parent="MeshInstance1/StaticBody"]
shape = SubResource( 4 )

[node name="MeshInstance2" type="MeshInstance" parent="."]
transform = Transform( 1, 0, 0, 0, 10, 0, 0, 0, 38.55, -15, 10, 0 )
mesh = SubResource( 5 )
material/0 = SubResource( 6 )

[node name="StaticBody" type="StaticBody" parent="MeshInstance2"]

[node name="CollisionShape" type="CollisionShape" parent="MeshInstance2/StaticBody"]
shape = SubResource( 7 )

[node name="MeshInstance3" type="MeshInstance" parent="."]
transform = Transform( 1, 0, 0, 0, 10, 0, 0, 0, 38.55, 5, 10, 0 )
mesh = SubResource( 5 )
material/0 = SubResource( 8 )

[node name="StaticBody" type="StaticBody" parent="MeshInstance3"]

[node name="CollisionShape" type="CollisionShape" parent="MeshInstance3/StaticBody"]
shape = SubResource( 9 )

[node name="CliffCrag" type="Spatial" parent="."]

[node name="Rock1" type="MeshInstance" parent="CliffCrag"]
transform = Transform( 0.517638, 1.93185, 0, -1.36603, 0.366025, -1.41421, -1.36603, 0.366025, 1.41421, -13, 1, 2 )
mesh = SubResource( 10 )
material/0 = SubResource( 11 )

[node name="StaticBody" type="StaticBody" parent="CliffCrag/Rock1"]

[node name="CollisionShape" type="CollisionShape" parent="CliffCrag/Rock1/StaticBody"]
shape = SubResource( 12 )

[node name="Rock2" type="MeshInstance" parent="CliffCrag"]
transform = Transform( -0.724745, 1.72474, -0.707107, -1.57313, -0.158919, 1.22474, 1, 1, 1.41421, -13, 0, 20 )
mesh = SubResource( 10 )
material/0 = SubResource( 11 )

[node name="StaticBody" type="StaticBody" parent="CliffCrag/Rock2"]

[node name="CollisionShape" type="CollisionShape" parent="CliffCrag/Rock2/StaticBody"]
shape = SubResource( 13 )

[node name="Rock3" type="MeshInstance" parent="CliffCrag"]
transform = Transform( -0.724745, 1.72474, -0.707107, -1.37308, -1.00706, -1.04904, -1.26071, 0.105315, 1.54904, -13, 0, 24 )
mesh = SubResource( 10 )
material/0 = SubResource( 11 )

[node name="StaticBody" type="StaticBody" parent="CliffCrag/Rock3"]

[node name="CollisionShape" type="CollisionShape" parent="CliffCrag/Rock3/StaticBody"]
shape = SubResource( 14 )

[node name="Rock4" type="MeshInstance" parent="CliffCrag"]
transform = Transform( 1.02635, -1.69323, 0.282092, -1.37308, -1.00706, -1.04904, 1.03017, 0.34467, -1.67927, -13, 0, -1 )
mesh = SubResource( 10 )
material/0 = SubResource( 11 )

[node name="StaticBody" type="StaticBody" parent="CliffCrag/Rock4"]

[node name="CollisionShape" type="CollisionShape" parent="CliffCrag/Rock4/StaticBody"]
shape = SubResource( 14 )

[node name="Rock5" type="MeshInstance" parent="CliffCrag"]
transform = Transform( -0.729434, -0.771167, 1.69506, -1.37308, -1.00706, -1.04904, 1.258, -1.54633, -0.162147, 3, 0, 9 )
mesh = SubResource( 10 )
material/0 = SubResource( 11 )

[node name="StaticBody" type="StaticBody" parent="CliffCrag/Rock5"]

[node name="CollisionShape" type="CollisionShape" parent="CliffCrag/Rock5/StaticBody"]
shape = SubResource( 14 )

[node name="Rock6" type="MeshInstance" parent="CliffCrag"]
transform = Transform( -1.26071, 0.105315, 1.54904, -1.37308, -1.00706, -1.04904, 0.724745, -1.72474, 0.707107, 4, 0, -24 )
mesh = SubResource( 10 )
material/0 = SubResource( 11 )

[node name="StaticBody" type="StaticBody" parent="CliffCrag/Rock6"]

[node name="CollisionShape" type="CollisionShape" parent="CliffCrag/Rock6/StaticBody"]
shape = SubResource( 14 )

[node name="Rock7" type="MeshInstance" parent="CliffCrag"]
transform = Transform( -0.729434, -0.771167, 1.69506, -1.37308, -1.00706, -1.04904, 1.258, -1.54633, -0.162147, 4, 0, -22 )
mesh = SubResource( 10 )
material/0 = SubResource( 11 )

[node name="StaticBody" type="StaticBody" parent="CliffCrag/Rock7"]

[node name="CollisionShape" type="CollisionShape" parent="CliffCrag/Rock7/StaticBody"]
shape = SubResource( 14 )
