[gd_scene load_steps=7 format=2]

[ext_resource path="res://assets/textures/stone1.png" type="Texture" id=1]

[sub_resource type="PrismMesh" id=1]

[sub_resource type="SpatialMaterial" id=2]
albedo_texture = ExtResource( 1 )

[sub_resource type="ConcavePolygonShape" id=3]
data = PoolVector3Array( 0, 1, 1, 1, -1, 1, -1, -1, 1, 0, 1, -1, -1, -1, -1, 1, -1, -1, 0, 1, 1, 0, 1, -1, 1, -1, 1, 0, 1, -1, 1, -1, -1, 1, -1, 1, 0, 1, -1, 0, 1, 1, -1, -1, -1, 0, 1, 1, -1, -1, 1, -1, -1, -1, -1, -1, 1, 1, -1, 1, -1, -1, -1, 1, -1, 1, 1, -1, -1, -1, -1, -1 )

[sub_resource type="ConcavePolygonShape" id=4]
data = PoolVector3Array( 0, 1, 1, 1, -1, 1, -1, -1, 1, 0, 1, -1, -1, -1, -1, 1, -1, -1, 0, 1, 1, 0, 1, -1, 1, -1, 1, 0, 1, -1, 1, -1, -1, 1, -1, 1, 0, 1, -1, 0, 1, 1, -1, -1, -1, 0, 1, 1, -1, -1, 1, -1, -1, -1, -1, -1, 1, 1, -1, 1, -1, -1, -1, 1, -1, 1, 1, -1, -1, -1, -1, -1 )

[sub_resource type="ConcavePolygonShape" id=5]
data = PoolVector3Array( 0, 1, 1, 1, -1, 1, -1, -1, 1, 0, 1, -1, -1, -1, -1, 1, -1, -1, 0, 1, 1, 0, 1, -1, 1, -1, 1, 0, 1, -1, 1, -1, -1, 1, -1, 1, 0, 1, -1, 0, 1, 1, -1, -1, -1, 0, 1, 1, -1, -1, 1, -1, -1, -1, -1, -1, 1, 1, -1, 1, -1, -1, -1, 1, -1, 1, 1, -1, -1, -1, -1, -1 )

[node name="RockCluster" type="Spatial"]

[node name="Rock1" type="MeshInstance" parent="."]
transform = Transform( 2, 0, 0, 0, 1.73205, 0.75, 0, -1, 1.29904, 0, 0, 0 )
mesh = SubResource( 1 )
material/0 = SubResource( 2 )

[node name="StaticBody" type="StaticBody" parent="Rock1"]

[node name="CollisionShape" type="CollisionShape" parent="Rock1/StaticBody"]
shape = SubResource( 3 )

[node name="Rock2" type="MeshInstance" parent="."]
transform = Transform( 1.73205, 0.866025, 0.375, -1, 1.5, 0.649519, 0, -1, 1.29904, 1, 0, 1 )
mesh = SubResource( 1 )
material/0 = SubResource( 2 )

[node name="StaticBody" type="StaticBody" parent="Rock2"]

[node name="CollisionShape" type="CollisionShape" parent="Rock2/StaticBody"]
shape = SubResource( 4 )

[node name="Rock3" type="MeshInstance" parent="."]
transform = Transform( -1.22474, 0.0947344, -1.18372, -1, 1.5, 0.649519, 1.22474, 1.31948, -0.653394, -1, 0, 1 )
mesh = SubResource( 1 )
material/0 = SubResource( 2 )

[node name="StaticBody" type="StaticBody" parent="Rock3"]

[node name="CollisionShape" type="CollisionShape" parent="Rock3/StaticBody"]
shape = SubResource( 5 )

[node name="Rock4" type="MeshInstance" parent="."]
transform = Transform( 1.76777, 0.883883, -0.918559, 0, 2.16506, 0.75, 1.76777, -0.883883, 0.918559, 0.28033, 0, 0.0902604 )
mesh = SubResource( 1 )
material/0 = SubResource( 2 )

[node name="StaticBody" type="StaticBody" parent="Rock4"]

[node name="CollisionShape" type="CollisionShape" parent="Rock4/StaticBody"]
shape = SubResource( 3 )

[node name="Rock5" type="MeshInstance" parent="."]
transform = Transform( 1.53093, 1.64935, -0.653394, -1.25, 1.875, 0.649519, 1.53093, -0.118418, 1.18372, 0.28033, 0, 1.50447 )
mesh = SubResource( 1 )
material/0 = SubResource( 2 )

[node name="StaticBody" type="StaticBody" parent="Rock5"]

[node name="CollisionShape" type="CollisionShape" parent="Rock5/StaticBody"]
shape = SubResource( 4 )

[node name="Rock6" type="MeshInstance" parent="."]
transform = Transform( -2.16506, -1.08253, -0.375, -1.25, 1.875, 0.649519, -7.45058e-08, 1.25, -1.29904, -1.13388, 0, 0.0902603 )
mesh = SubResource( 1 )
material/0 = SubResource( 2 )

[node name="StaticBody" type="StaticBody" parent="Rock6"]

[node name="CollisionShape" type="CollisionShape" parent="Rock6/StaticBody"]
shape = SubResource( 5 )
