[gd_scene load_steps=12 format=2]

[ext_resource path="res://assets/textures/bg2.png" type="Texture" id=1]
[ext_resource path="res://assets/textures/flesh1.png" type="Texture" id=2]
[ext_resource path="res://src/FleshHead.gd" type="Script" id=3]

[sub_resource type="CubeMesh" id=1]

[sub_resource type="SpatialMaterial" id=2]
albedo_texture = ExtResource( 1 )
uv1_scale = Vector3( 3, 15, 3 )

[sub_resource type="CubeMesh" id=3]

[sub_resource type="SpatialMaterial" id=4]
albedo_texture = ExtResource( 2 )
uv1_scale = Vector3( 3, 2, 3 )

[sub_resource type="SpatialMaterial" id=5]
albedo_color = Color( 0.27451, 0.117647, 0.117647, 1 )

[sub_resource type="ConcavePolygonShape" id=6]
data = PoolVector3Array( -1, 1, 1, 1, 1, 1, -1, -1, 1, 1, 1, 1, 1, -1, 1, -1, -1, 1, 1, 1, -1, -1, 1, -1, 1, -1, -1, -1, 1, -1, -1, -1, -1, 1, -1, -1, 1, 1, 1, 1, 1, -1, 1, -1, 1, 1, 1, -1, 1, -1, -1, 1, -1, 1, -1, 1, -1, -1, 1, 1, -1, -1, -1, -1, 1, 1, -1, -1, 1, -1, -1, -1, 1, 1, 1, -1, 1, 1, 1, 1, -1, -1, 1, 1, -1, 1, -1, 1, 1, -1, -1, -1, 1, 1, -1, 1, -1, -1, -1, 1, -1, 1, 1, -1, -1, -1, -1, -1 )

[sub_resource type="Animation" id=7]
resource_name = "rotate"
tracks/0/type = "value"
tracks/0/path = NodePath(".:rotation_degrees")
tracks/0/interp = 1
tracks/0/loop_wrap = true
tracks/0/imported = false
tracks/0/enabled = true
tracks/0/keys = {
"times": PoolRealArray( 0, 1 ),
"transitions": PoolRealArray( 1, 1 ),
"update": 0,
"values": [ Vector3( 0, 0, 0 ), Vector3( 0, 90, 0 ) ]
}

[sub_resource type="ConcavePolygonShape" id=8]
data = PoolVector3Array( -1, 1, 1, 1, 1, 1, -1, -1, 1, 1, 1, 1, 1, -1, 1, -1, -1, 1, 1, 1, -1, -1, 1, -1, 1, -1, -1, -1, 1, -1, -1, -1, -1, 1, -1, -1, 1, 1, 1, 1, 1, -1, 1, -1, 1, 1, 1, -1, 1, -1, -1, 1, -1, 1, -1, 1, -1, -1, 1, 1, -1, -1, -1, -1, 1, 1, -1, -1, 1, -1, -1, -1, 1, 1, 1, -1, 1, 1, 1, 1, -1, -1, 1, 1, -1, 1, -1, 1, 1, -1, -1, -1, 1, 1, -1, 1, -1, -1, -1, 1, -1, 1, 1, -1, -1, -1, -1, -1 )

[node name="StonePedestal" type="MeshInstance"]
transform = Transform( 0.25, 0, 0, 0, 2, 0, 0, 0, 0.25, 0, 0, 0 )
mesh = SubResource( 1 )
material/0 = SubResource( 2 )

[node name="FleshHead" type="MeshInstance" parent="."]
transform = Transform( -2.44381e-07, 0, 1.5, 0, 0.2, 0, -1.5, 0, -2.44381e-07, 0, 1.35, 0 )
mesh = SubResource( 3 )
material/0 = SubResource( 4 )
script = ExtResource( 3 )

[node name="FleshTop1" type="MeshInstance" parent="FleshHead"]
transform = Transform( 1, 0, 0, 0, 0.01, 0, 0, 0, 1, 0, 0.997658, 0 )
mesh = SubResource( 3 )
material/0 = SubResource( 5 )

[node name="FleshTop2" type="MeshInstance" parent="FleshHead"]
transform = Transform( 1, 0, 0, 0, 0.01, 0, 0, 0, 1, 0, -0.995059, 0 )
mesh = SubResource( 3 )
material/0 = SubResource( 5 )

[node name="StaticBody" type="StaticBody" parent="FleshHead"]

[node name="CollisionShape" type="CollisionShape" parent="FleshHead/StaticBody"]
shape = SubResource( 6 )

[node name="OmniLight" type="OmniLight" parent="FleshHead"]
transform = Transform( 2, 0, 0, 0, 2, 0, 0, 0, 2, 0, 0, 0 )
light_color = Color( 0.509804, 0, 0, 1 )
light_energy = 5.0
light_cull_mask = 2147483647
omni_range = 10.0
omni_attenuation = 1.5

[node name="Rotate" type="AnimationPlayer" parent="FleshHead"]
anims/rotate = SubResource( 7 )

[node name="StaticBody" type="StaticBody" parent="."]

[node name="CollisionShape" type="CollisionShape" parent="StaticBody"]
shape = SubResource( 8 )
[connection signal="animation_finished" from="FleshHead/Rotate" to="FleshHead" method="_on_Rotate_animation_finished"]
